@misc{
  bocetta19,
  title={Honeypots: A Guide To Increasing Security},
  url={https://www.tripwire.com/state-of-security/security-data-protection/honeypots-guide-increasing-security/},
  journal={The State of Security},
  publisher={Tripwire},
  author={Bocetta, Sam},
  year={2019},
  month={Dec}
}

@misc{
  honeyhttpd,
  title={HoneyHTTPD},
  url={https://github.com/bocajspear1/honeyhttpd},
  author={Jacob Hartman},
  year={2018},
  publisher={GitHub},
  journal={GitHub Repository},
}

@misc{
  stackhoneypot,
  title={Stack Honeypot},
  url={https://github.com/CHH/stack-honeypot},
  author={Christoph Hochstrasser},
  year={2014},
  publisher={GitHub},
  journal={GitHub Repository},
}
